

@ARTICLE{2017ApJ...848L..12A,
    author = "{Abbott}, B. P. and {Abbott}, R. and {Abbott}, T. D. and {Acernese}, F. and {Ackley}, K. and {Adams}, C. and {Adams}, T. and {Addesso}, P. and {Adhikari}, R. X. and {Adya}, V. B. and {Affeldt}, C. and {Afrough}, M. and {Agarwal}, B. and {Agathos}, M. and {Agatsuma}, K. and {Aggarwal}, N. and {Aguiar}, O. D. and {Aiello}, L. and {Ain}, A. and {Ajith}, P. and {Allen}, B. and {Allen}, G. and {Allocca}, A. and {Altin}, P. A. and {Amato}, A. and {Ananyeva}, A. and {Anderson}, S. B. and {Anderson}, W. G. and {Angelova}, S. V. and {Antier}, S. and {Appert}, S. and {Arai}, K. and {Araya}, M. C. and {Areeda}, J. S. and {Arnaud}, N. and {Arun}, K. G. and {Ascenzi}, S. and {Ashton}, G. and {Ast}, M. and {Aston}, S. M. and {Astone}, P. and {Atallah}, D. V. and {Aufmuth}, P. and {Aulbert}, C. and {AultONeal}, K. and {Austin}, C. and {Avila-Alvarez}, A. and {Babak}, S. and {Bacon}, P. and {Bader}, M. K. M. and {Bae}, S. and {Baker}, P. T. and {Baldaccini}, F. and {Ballardin}, G. and {Ballmer}, S. W. and {Banagiri}, S. and {Barayoga}, J. C. and {Barclay}, S. E. and {Barish}, B. C. and {Barker}, D. and {Barkett}, K. and {Barone}, F. and {Barr}, B. and {Barsotti}, L. and {Barsuglia}, M. and {Barta}, D. and {Barthelmy}, S. D. and {Bartlett}, J. and {Bartos}, I. and {Bassiri}, R. and {Basti}, A. and {Batch}, J. C. and {Bawaj}, M. and {Bayley}, J. C. and {Bazzan}, M. and {B{\'e}csy}, B. and {Beer}, C. and {Bejger}, M. and {Belahcene}, I. and {Bell}, A. S. and {Berger}, B. K. and {Bergmann}, G. and {Bero}, J. J. and {Berry}, C. P. L. and {Bersanetti}, D. and {Bertolini}, A. and {Betzwieser}, J. and {Bhagwat}, S. and {Bhandare}, R. and {Bilenko}, I. A. and {Billingsley}, G. and {Billman}, C. R. and {Birch}, J. and {Birney}, R. and {Birnholtz}, O. and {Biscans}, S. and {Biscoveanu}, S. and {Bisht}, A. and {Bitossi}, M. and {Biwer}, C. and {Bizouard}, M. A. and {Blackburn}, J. K. and {Blackman}, J. and {Blair}, C. D. and {Blair}, D. G. and {Blair}, R. M. and {Bloemen}, S. and {Bock}, O. and {Bode}, N. and {Boer}, M. and {Bogaert}, G. and {Bohe}, A. and {Bondu}, F. and {Bonilla}, E. and {Bonnand}, R. and {Boom}, B. A. and {Bork}, R. and {Boschi}, V. and {Bose}, S. and {Bossie}, K. and {Bouffanais}, Y. and {Bozzi}, A. and {Bradaschia}, C. and {Brady}, P. R. and {Branchesi}, M. and {Brau}, J. E. and {Briant}, T. and {Brillet}, A. and {Brinkmann}, M. and {Brisson}, V. and {Brockill}, P. and {Broida}, J. E. and {Brooks}, A. F. and {Brown}, D. A. and {Brown}, D. D. and {Brunett}, S. and {Buchanan}, C. C. and {Buikema}, A. and {Bulik}, T. and {Bulten}, H. J. and {Buonanno}, A. and {Buskulic}, D. and {Buy}, C. and {Byer}, R. L. and {Cabero}, M. and {Cadonati}, L. and {Cagnoli}, G. and {Cahillane}, C. and {Calder{\'o}n Bustillo}, J. and {Callister}, T. A. and {Calloni}, E. and {Camp}, J. B. and {Canepa}, M. and {Canizares}, P. and {Cannon}, K. C. and {Cao}, H. and {Cao}, J. and {Capano}, C. D. and {Capocasa}, E. and {Carbognani}, F. and {Caride}, S. and {Carney}, M. F. and {Casanueva Diaz}, J. and {Casentini}, C. and {Caudill}, S. and {Cavagli{\`a}}, M. and {Cavalier}, F. and {Cavalieri}, R. and {Cella}, G. and {Cepeda}, C. B. and {Cerd{\'a}-Dur{\'a}n}, P. and {Cerretani}, G. and {Cesarini}, E. and {Chamberlin}, S. J. and {Chan}, M. and {Chao}, S. and {Charlton}, P. and {Chase}, E. and {Chassande-Mottin}, E. and {Chatterjee}, D. and {Chatziioannou}, K. and {Cheeseboro}, B. D. and {Chen}, H. Y. and {Chen}, X. and {Chen}, Y. and {Cheng}, H. -P. and {Chia}, H. and {Chincarini}, A. and {Chiummo}, A. and {Chmiel}, T. and {Cho}, H. S. and {Cho}, M. and {Chow}, J. H. and {Christensen}, N. and {Chu}, Q. and {Chua}, A. J. K. and {Chua}, S. and {Chung}, A. K. W. and {Chung}, S. and {Ciani}, G.",
    title = "{Multi-messenger Observations of a Binary Neutron Star Merger}",
    journal = "\apjl",
    keywords = "gravitational waves, stars: neutron, Astrophysics - High Energy Astrophysical Phenomena, General Relativity and Quantum Cosmology",
    year = "2017",
    month = "October",
    volume = "848",
    number = "2",
    eid = "L12",
    pages = "L12",
    doi = "10.3847/2041-8213/aa91c9",
    archivePrefix = "arXiv",
    eprint = "1710.05833",
    primaryClass = "astro-ph.HE",
    adsurl = "https://ui.adsabs.harvard.edu/abs/2017ApJ...848L..12A",
    adsnote = "Provided by the SAO/NASA Astrophysics Data System"
}

@ARTICLE{2017ApJ...848L..13A,
    author = "{Abbott}, B. P. and {Abbott}, R. and {Abbott}, T. D. and {Acernese}, F. and {Ackley}, K. and {Adams}, C. and {Adams}, T. and {Addesso}, P. and {Adhikari}, R. X. and {Adya}, V. B. and {Affeldt}, C. and {Afrough}, M. and {Agarwal}, B. and {Agathos}, M. and {Agatsuma}, K. and {Aggarwal}, N. and {Aguiar}, O. D. and {Aiello}, L. and {Ain}, A. and {Ajith}, P. and {Allen}, B. and {Allen}, G. and {Allocca}, A. and {Aloy}, M. A. and {Altin}, P. A. and {Amato}, A. and {Ananyeva}, A. and {Anderson}, S. B. and {Anderson}, W. G. and {Angelova}, S. V. and {Antier}, S. and {Appert}, S. and {Arai}, K. and {Araya}, M. C. and {Areeda}, J. S. and {Arnaud}, N. and {Arun}, K. G. and {Ascenzi}, S. and {Ashton}, G. and {Ast}, M. and {Aston}, S. M. and {Astone}, P. and {Atallah}, D. V. and {Aufmuth}, P. and {Aulbert}, C. and {AultONeal}, K. and {Austin}, C. and {Avila-Alvarez}, A. and {Babak}, S. and {Bacon}, P. and {Bader}, M. K. M. and {Bae}, S. and {Baker}, P. T. and {Baldaccini}, F. and {Ballardin}, G. and {Ballmer}, S. W. and {Banagiri}, S. and {Barayoga}, J. C. and {Barclay}, S. E. and {Barish}, B. C. and {Barker}, D. and {Barkett}, K. and {Barone}, F. and {Barr}, B. and {Barsotti}, L. and {Barsuglia}, M. and {Barta}, D. and {Bartlett}, J. and {Bartos}, I. and {Bassiri}, R. and {Basti}, A. and {Batch}, J. C. and {Bawaj}, M. and {Bayley}, J. C. and {Bazzan}, M. and {B{\'e}csy}, B. and {Beer}, C. and {Bejger}, M. and {Belahcene}, I. and {Bell}, A. S. and {Berger}, B. K. and {Bergmann}, G. and {Bero}, J. J. and {Berry}, C. P. L. and {Bersanetti}, D. and {Bertolini}, A. and {Betzwieser}, J. and {Bhagwat}, S. and {Bhandare}, R. and {Bilenko}, I. A. and {Billingsley}, G. and {Billman}, C. R. and {Birch}, J. and {Birney}, R. and {Birnholtz}, O. and {Biscans}, S. and {Biscoveanu}, S. and {Bisht}, A. and {Bitossi}, M. and {Biwer}, C. and {Bizouard}, M. A. and {Blackburn}, J. K. and {Blackman}, J. and {Blair}, C. D. and {Blair}, D. G. and {Blair}, R. M. and {Bloemen}, S. and {Bock}, O. and {Bode}, N. and {Boer}, M. and {Bogaert}, G. and {Bohe}, A. and {Bondu}, F. and {Bonilla}, E. and {Bonnand}, R. and {Boom}, B. A. and {Bork}, R. and {Boschi}, V. and {Bose}, S. and {Bossie}, K. and {Bouffanais}, Y. and {Bozzi}, A. and {Bradaschia}, C. and {Brady}, P. R. and {Branchesi}, M. and {Brau}, J. E. and {Briant}, T. and {Brillet}, A. and {Brinkmann}, M. and {Brisson}, V. and {Brockill}, P. and {Broida}, J. E. and {Brooks}, A. F. and {Brown}, D. A. and {Brown}, D. D. and {Brunett}, S. and {Buchanan}, C. C. and {Buikema}, A. and {Bulik}, T. and {Bulten}, H. J. and {Buonanno}, A. and {Buskulic}, D. and {Buy}, C. and {Byer}, R. L. and {Cabero}, M. and {Cadonati}, L. and {Cagnoli}, G. and {Cahillane}, C. and {Calder{\'o}n Bustillo}, J. and {Callister}, T. A. and {Calloni}, E. and {Camp}, J. B. and {Canepa}, M. and {Canizares}, P. and {Cannon}, K. C. and {Cao}, H. and {Cao}, J. and {Capano}, C. D. and {Capocasa}, E. and {Carbognani}, F. and {Caride}, S. and {Carney}, M. F. and {Casanueva Diaz}, J. and {Casentini}, C. and {Caudill}, S. and {Cavagli{\`a}}, M. and {Cavalier}, F. and {Cavalieri}, R. and {Cella}, G. and {Cepeda}, C. B. and {Cerd{\'a}-Dur{\'a}n}, P. and {Cerretani}, G. and {Cesarini}, E. and {Chamberlin}, S. J. and {Chan}, M. and {Chao}, S. and {Charlton}, P. and {Chase}, E. and {Chassande-Mottin}, E. and {Chatterjee}, D. and {Chatziioannou}, K. and {Cheeseboro}, B. D. and {Chen}, H. Y. and {Chen}, X. and {Chen}, Y. and {Cheng}, H. -P. and {Chia}, H. and {Chincarini}, A. and {Chiummo}, A. and {Chmiel}, T. and {Cho}, H. S. and {Cho}, M. and {Chow}, J. H. and {Christensen}, N. and {Chu}, Q. and {Chua}, A. J. K. and {Chua}, S. and {Chung}, A. K. W. and {Chung}, S. and {Ciani}, G.",
    title = "{Gravitational Waves and Gamma-Rays from a Binary Neutron Star Merger: GW170817 and GRB 170817A}",
    journal = "\apjl",
    keywords = "binaries: close, gamma-ray burst: general, gravitational waves, Astrophysics - High Energy Astrophysical Phenomena, General Relativity and Quantum Cosmology",
    year = "2017",
    month = "October",
    volume = "848",
    number = "2",
    eid = "L13",
    pages = "L13",
    doi = "10.3847/2041-8213/aa920c",
    archivePrefix = "arXiv",
    eprint = "1710.05834",
    primaryClass = "astro-ph.HE",
    adsurl = "https://ui.adsabs.harvard.edu/abs/2017ApJ...848L..13A",
    adsnote = "Provided by the SAO/NASA Astrophysics Data System"
}

@ARTICLE{2017PhRvL.119p1101A,
    author = "{Abbott}, B. P. and {Abbott}, R. and {Abbott}, T. D. and {Acernese}, F. and {Ackley}, K. and {Adams}, C. and {Adams}, T. and {Addesso}, P. and {Adhikari}, R. X. and {Adya}, V. B. and {Affeldt}, C. and {Afrough}, M. and {Agarwal}, B. and {Agathos}, M. and {Agatsuma}, K. and {Aggarwal}, N. and {Aguiar}, O. D. and {Aiello}, L. and {Ain}, A. and {Ajith}, P. and {Allen}, B. and {Allen}, G. and {Allocca}, A. and {Altin}, P. A. and {Amato}, A. and {Ananyeva}, A. and {Anderson}, S. B. and {Anderson}, W. G. and {Angelova}, S. V. and {Antier}, S. and {Appert}, S. and {Arai}, K. and {Araya}, M. C. and {Areeda}, J. S. and {Arnaud}, N. and {Arun}, K. G. and {Ascenzi}, S. and {Ashton}, G. and {Ast}, M. and {Aston}, S. M. and {Astone}, P. and {Atallah}, D. V. and {Aufmuth}, P. and {Aulbert}, C. and {AultONeal}, K. and {Austin}, C. and {Avila-Alvarez}, A. and {Babak}, S. and {Bacon}, P. and {Bader}, M. K. M. and {Bae}, S. and {Bailes}, M. and {Baker}, P. T. and {Baldaccini}, F. and {Ballardin}, G. and {Ballmer}, S. W. and {Banagiri}, S. and {Barayoga}, J. C. and {Barclay}, S. E. and {Barish}, B. C. and {Barker}, D. and {Barkett}, K. and {Barone}, F. and {Barr}, B. and {Barsotti}, L. and {Barsuglia}, M. and {Barta}, D. and {Barthelmy}, S. D. and {Bartlett}, J. and {Bartos}, I. and {Bassiri}, R. and {Basti}, A. and {Batch}, J. C. and {Bawaj}, M. and {Bayley}, J. C. and {Bazzan}, M. and {B{\'e}csy}, B. and {Beer}, C. and {Bejger}, M. and {Belahcene}, I. and {Bell}, A. S. and {Berger}, B. K. and {Bergmann}, G. and {Bernuzzi}, S. and {Bero}, J. J. and {Berry}, C. P. L. and {Bersanetti}, D. and {Bertolini}, A. and {Betzwieser}, J. and {Bhagwat}, S. and {Bhandare}, R. and {Bilenko}, I. A. and {Billingsley}, G. and {Billman}, C. R. and {Birch}, J. and {Birney}, R. and {Birnholtz}, O. and {Biscans}, S. and {Biscoveanu}, S. and {Bisht}, A. and {Bitossi}, M. and {Biwer}, C. and {Bizouard}, M. A. and {Blackburn}, J. K. and {Blackman}, J. and {Blair}, C. D. and {Blair}, D. G. and {Blair}, R. M. and {Bloemen}, S. and {Bock}, O. and {Bode}, N. and {Boer}, M. and {Bogaert}, G. and {Bohe}, A. and {Bondu}, F. and {Bonilla}, E. and {Bonnand}, R. and {Boom}, B. A. and {Bork}, R. and {Boschi}, V. and {Bose}, S. and {Bossie}, K. and {Bouffanais}, Y. and {Bozzi}, A. and {Bradaschia}, C. and {Brady}, P. R. and {Branchesi}, M. and {Brau}, J. E. and {Briant}, T. and {Brillet}, A. and {Brinkmann}, M. and {Brisson}, V. and {Brockill}, P. and {Broida}, J. E. and {Brooks}, A. F. and {Brown}, D. A. and {Brown}, D. D. and {Brunett}, S. and {Buchanan}, C. C. and {Buikema}, A. and {Bulik}, T. and {Bulten}, H. J. and {Buonanno}, A. and {Buskulic}, D. and {Buy}, C. and {Byer}, R. L. and {Cabero}, M. and {Cadonati}, L. and {Cagnoli}, G. and {Cahillane}, C. and {Calder{\'o}n Bustillo}, J. and {Callister}, T. A. and {Calloni}, E. and {Camp}, J. B. and {Canepa}, M. and {Canizares}, P. and {Cannon}, K. C. and {Cao}, H. and {Cao}, J. and {Capano}, C. D. and {Capocasa}, E. and {Carbognani}, F. and {Caride}, S. and {Carney}, M. F. and {Carullo}, G. and {Casanueva Diaz}, J. and {Casentini}, C. and {Caudill}, S. and {Cavagli{\`a}}, M. and {Cavalier}, F. and {Cavalieri}, R. and {Cella}, G. and {Cepeda}, C. B. and {Cerd{\'a}-Dur{\'a}n}, P. and {Cerretani}, G. and {Cesarini}, E. and {Chamberlin}, S. J. and {Chan}, M. and {Chao}, S. and {Charlton}, P. and {Chase}, E. and {Chassande-Mottin}, E. and {Chatterjee}, D. and {Chatziioannou}, K. and {Cheeseboro}, B. D. and {Chen}, H. Y. and {Chen}, X. and {Chen}, Y. and {Cheng}, H. -P. and {Chia}, H. and {Chincarini}, A. and {Chiummo}, A. and {Chmiel}, T. and {Cho}, H. S. and {Cho}, M. and {Chow}, J. H. and {Christensen}, N. and {Chu}, Q. and {Chua}, A. J. K. and {Chua}, S.",
    title = "{GW170817: Observation of Gravitational Waves from a Binary Neutron Star Inspiral}",
    journal = "\prl",
    keywords = "Gravitation and Astrophysics, General Relativity and Quantum Cosmology, Astrophysics - High Energy Astrophysical Phenomena",
    year = "2017",
    month = "October",
    volume = "119",
    number = "16",
    eid = "161101",
    pages = "161101",
    doi = "10.1103/PhysRevLett.119.161101",
    archivePrefix = "arXiv",
    eprint = "1710.05832",
    primaryClass = "gr-qc",
    adsurl = "https://ui.adsabs.harvard.edu/abs/2017PhRvL.119p1101A",
    adsnote = "Provided by the SAO/NASA Astrophysics Data System"
}

@ARTICLE{2018arXiv181204051M,
    author = "{Margutti}, R. and {Cowperthwaite}, P. and {Doctor}, Z. and {Mortensen}, K. and {Pankow}, C. P. and {Salafia}, O. and {Villar}, V. A. and {Alexander}, K. and {Annis}, J. and {Andreoni}, I. and {Baldeschi}, A. and {Balmaverde}, B. and {Berger}, E. and {Bernardini}, M. G. and {Berry}, C. P. L. and {Bianco}, F. and {Blanchard}, P. K. and {Brocato}, E. and {Carnerero}, M. I. and {Cartier}, R. and {Cenko}, S. B. and {Chornock}, R. and {Chomiuk}, L. and {Copperwheat}, C. M. and {Coughlin}, M. W. and {Coppejans}, D. L. and {Corsi}, A. and {D'Ammando}, F. and {Datrier}, L. and {D'Avanzo}, P. and {Dimitriadis}, G. and {Drout}, M. R. and {Foley}, R. J. and {Fong}, W. and {Fox}, O. and {Ghirlanda}, G. and {Goldstein}, D. and {Grindlay}, J. and {Guidorzi}, C. and {Haiman}, Z. and {Hendry}, M. and {Holz}, D. and {Hung}, T. and {Inserra}, C. and {Jones}, D. O. and {Kalogera}, V. and {Kilpatrick}, C. D. and {Lamb}, G. and {Laskar}, T. and {Levan}, A. and {Mason}, E. and {Maguire}, K. and {Melandri}, A. and {Milisavljevic}, D. and {Miller}, A. and {Narayan}, G. and {Nielsen}, E. and {Nicholl}, M. and {Nissanke}, S. and {Nugent}, P. and {Pan}, Y. -C. and {Pasham}, D. and {Paterson}, K. and {Piranomonte}, S. and {Racusin}, J. and {Rest}, A. and {Righi}, C. and {Sand}, D. and {Seaman}, R. and {Scolnic}, D. and {Siellez}, K. and {Singer}, L. and {Szkody}, P. and {Smith}, M. and {Steeghs}, D. and {Sullivan}, M. and {Tanvir}, N. and {Terreran}, G. and {Trimble}, V. and {Valenti}, S. and {LSST Transient}, with the support of the and {Variable Stars Collaboration}",
    title = "{Target of Opportunity Observations of Gravitational Wave Events with LSST}",
    journal = "arXiv e-prints",
    keywords = "Astrophysics - High Energy Astrophysical Phenomena, Astrophysics - Instrumentation and Methods for Astrophysics",
    year = "2018",
    month = "December",
    eid = "arXiv:1812.04051",
    pages = "arXiv:1812.04051",
    doi = "10.48550/arXiv.1812.04051",
    archivePrefix = "arXiv",
    eprint = "1812.04051",
    primaryClass = "astro-ph.HE",
    adsurl = "https://ui.adsabs.harvard.edu/abs/2018arXiv181204051M",
    adsnote = "Provided by the SAO/NASA Astrophysics Data System"
}

@ARTICLE{2019ApJ...881L..16A,
    author = "{Andreoni}, Igor and {Goldstein}, Daniel A. and {Anand}, Shreya and {Coughlin}, Michael W. and {Singer}, Leo P. and {Ahumada}, Tom{\'a}s and {Medford}, Michael and {Kool}, Erik C. and {Webb}, Sara and {Bulla}, Mattia and {Bloom}, Joshua S. and {Kasliwal}, Mansi M. and {Nugent}, Peter E. and {Bagdasaryan}, Ashot and {Barnes}, Jennifer and {Cook}, David O. and {Cooke}, Jeff and {Duev}, Dmitry A. and {Fremling}, U. Christoffer and {Gatkine}, Pradip and {Golkhou}, V. Zach and {Kong}, Albert K. H. and {Mahabal}, Ashish and {Mart{\'\i}nez-Palomera}, Jorge and {Tao}, Duo and {Zhang}, Keming",
    title = "{GROWTH on S190510g: DECam Observation Planning and Follow-up of a Distant Binary Neutron Star Merger Candidate}",
    journal = "\apjl",
    keywords = "binaries: general, gravitational waves, methods: observational, stars: neutron, supernovae: general, Astrophysics - High Energy Astrophysical Phenomena, Astrophysics - Instrumentation and Methods for Astrophysics, Astrophysics - Solar and Stellar Astrophysics",
    year = "2019",
    month = "August",
    volume = "881",
    number = "1",
    eid = "L16",
    pages = "L16",
    doi = "10.3847/2041-8213/ab3399",
    archivePrefix = "arXiv",
    eprint = "1906.00806",
    primaryClass = "astro-ph.HE",
    adsurl = "https://ui.adsabs.harvard.edu/abs/2019ApJ...881L..16A",
    adsnote = "Provided by the SAO/NASA Astrophysics Data System"
}

@ARTICLE{2019GCN.24223....1C,
    author = "{Coughlin}, M. W. and {Anand}, S. and {Ahumada}, T.",
    title = "{LIGO/Virgo S190425z: ZTF pre-merger limits on PS1 candidates.}",
    journal = "GRB Coordinates Network",
    year = "2019",
    month = "January",
    volume = "24223",
    pages = "1",
    adsurl = "https://ui.adsabs.harvard.edu/abs/2019GCN.24223....1C",
    adsnote = "Provided by the SAO/NASA Astrophysics Data System"
}

@ARTICLE{2019GCN.26430....1S,
    author = "{Smith}, K. W. and {Smartt}, S. J. and {Young}, D. R. and {Srivastav}, S. and {Gillanders}, J. and {McBrien}, O. and {Clark}, P. and {Fulton}, M. and {Huber}, M. and {Chambers}, K. C. and {Flewelling}, H. and {Willman}, M. and {Schultz}, A. and {Magnier}, E. and {Waters}, C. and {Bulger}, J. and {Wainscoat}, R. J. and {Wright}, D.",
    title = "{LIGO/Virgo S191213g: Pan-STARRS1 previous detections of ZTF19acykzsk}",
    journal = "GRB Coordinates Network",
    year = "2019",
    month = "December",
    volume = "26430",
    pages = "1",
    adsurl = "https://ui.adsabs.harvard.edu/abs/2019GCN.26430....1S",
    adsnote = "Provided by the SAO/NASA Astrophysics Data System"
}

@ARTICLE{2020ApJ...905..145K,
    author = "{Kasliwal}, Mansi M. and {Anand}, Shreya and {Ahumada}, Tom{\'a}s and {Stein}, Robert and {Carracedo}, Ana Sagu{\'e}s and {Andreoni}, Igor and {Coughlin}, Michael W. and {Singer}, Leo P. and {Kool}, Erik C. and {De}, Kishalay and {Kumar}, Harsh and {AlMualla}, Mouza and {Yao}, Yuhan and {Bulla}, Mattia and {Dobie}, Dougal and {Reusch}, Simeon and {Perley}, Daniel A. and {Cenko}, S. Bradley and {Bhalerao}, Varun and {Kaplan}, David L. and {Sollerman}, Jesper and {Goobar}, Ariel and {Copperwheat}, Christopher M. and {Bellm}, Eric C. and {Anupama}, G. C. and {Corsi}, Alessandra and {Nissanke}, Samaya and {Agudo}, Iv{\'a}n and {Bagdasaryan}, Ashot and {Barway}, Sudhanshu and {Belicki}, Justin and {Bloom}, Joshua S. and {Bolin}, Bryce and {Buckley}, David A. H. and {Burdge}, Kevin B. and {Burruss}, Rick and {Caballero-Garc{\'\i}a}, Maria D. and {Cannella}, Chris and {Castro-Tirado}, Alberto J. and {Cook}, David O. and {Cooke}, Jeff and {Cunningham}, Virginia and {Dahiwale}, Aishwarya and {Deshmukh}, Kunal and {Dichiara}, Simone and {Duev}, Dmitry A. and {Dutta}, Anirban and {Feeney}, Michael and {Franckowiak}, Anna and {Frederick}, Sara and {Fremling}, Christoffer and {Gal-Yam}, Avishay and {Gatkine}, Pradip and {Ghosh}, Shaon and {Goldstein}, Daniel A. and {Golkhou}, V. Zach and {Graham}, Matthew J. and {Graham}, Melissa L. and {Hankins}, Matthew J. and {Helou}, George and {Hu}, Youdong and {Ip}, Wing-Huen and {Jaodand}, Amruta and {Karambelkar}, Viraj and {Kong}, Albert K. H. and {Kowalski}, Marek and {Khandagale}, Maitreya and {Kulkarni}, S. R. and {Kumar}, Brajesh and {Laher}, Russ R. and {Li}, K. L. and {Mahabal}, Ashish and {Masci}, Frank J. and {Miller}, Adam A. and {Mogotsi}, Moses and {Mohite}, Siddharth and {Mooley}, Kunal and {Mroz}, Przemek and {Newman}, Jeffrey A. and {Ngeow}, Chow-Choong and {Oates}, Samantha R. and {Patil}, Atharva Sunil and {Pandey}, Shashi B. and {Pavana}, M. and {Pian}, Elena and {Riddle}, Reed and {S{\'a}nchez-Ram{\'\i}rez}, Rub{\'e}n and {Sharma}, Yashvi and {Singh}, Avinash and {Smith}, Roger and {Soumagnac}, Maayane T. and {Taggart}, Kirsty and {Tan}, Hanjie and {Tzanidakis}, Anastasios and {Troja}, Eleonora and {Valeev}, Azamat F. and {Walters}, Richard and {Waratkar}, Gaurav and {Webb}, Sara and {Yu}, Po-Chieh and {Zhang}, Bin-Bin and {Zhou}, Rongpu and {Zolkower}, Jeffry",
    title = "{Kilonova Luminosity Function Constraints Based on Zwicky Transient Facility Searches for 13 Neutron Star Merger Triggers during O3}",
    journal = "\apj",
    keywords = "Neutron stars, Black holes, Gravitational waves, Nucleosynthesis, R-process, Compact objects, Spectroscopy, Sky surveys, Photometry, 1108, 162, 678, 1131, 1324, 288, 1558, 1464, 1234, Astrophysics - High Energy Astrophysical Phenomena, Astrophysics - Instrumentation and Methods for Astrophysics, Astrophysics - Solar and Stellar Astrophysics",
    year = "2020",
    month = "December",
    volume = "905",
    number = "2",
    eid = "145",
    pages = "145",
    doi = "10.3847/1538-4357/abc335",
    archivePrefix = "arXiv",
    eprint = "2006.11306",
    primaryClass = "astro-ph.HE",
    adsurl = "https://ui.adsabs.harvard.edu/abs/2020ApJ...905..145K",
    adsnote = "Provided by the SAO/NASA Astrophysics Data System"
}

@ARTICLE{2020MNRAS.492..863C,
    author = "{Coughlin}, Michael W. and {Dietrich}, Tim and {Antier}, Sarah and {Bulla}, Mattia and {Foucart}, Francois and {Hotokezaka}, Kenta and {Raaijmakers}, Geert and {Hinderer}, Tanja and {Nissanke}, Samaya",
    title = "{Implications of the search for optical counterparts during the first six months of the Advanced LIGO's and Advanced Virgo's third observing run: possible limits on the ejecta mass and binary properties}",
    journal = "\mnras",
    keywords = "gravitational waves, methods: statistical, Astrophysics - High Energy Astrophysical Phenomena, General Relativity and Quantum Cosmology",
    year = "2020",
    month = "February",
    volume = "492",
    number = "1",
    pages = "863-876",
    doi = "10.1093/mnras/stz3457",
    archivePrefix = "arXiv",
    eprint = "1910.11246",
    primaryClass = "astro-ph.HE",
    adsurl = "https://ui.adsabs.harvard.edu/abs/2020MNRAS.492..863C",
    adsnote = "Provided by the SAO/NASA Astrophysics Data System"
}

@ARTICLE{2021MNRAS.504.1294S,
    author = "{Sagu{\'e}s Carracedo}, A. and {Bulla}, M. and {Feindt}, U. and {Goobar}, A.",
    title = "{Detectability of kilonovae in optical surveys: post-mortem examination of the LVC O3 run follow-up}",
    journal = "\mnras",
    keywords = "gravitational waves, surveys, neutron star mergers, Astrophysics - High Energy Astrophysical Phenomena",
    year = "2021",
    month = "June",
    volume = "504",
    number = "1",
    pages = "1294-1303",
    doi = "10.1093/mnras/stab872",
    archivePrefix = "arXiv",
    eprint = "2004.06137",
    primaryClass = "astro-ph.HE",
    adsurl = "https://ui.adsabs.harvard.edu/abs/2021MNRAS.504.1294S",
    adsnote = "Provided by the SAO/NASA Astrophysics Data System"
}

@ARTICLE{2022ApJ...924...54P,
    author = "{Petrov}, Polina and {Singer}, Leo P. and {Coughlin}, Michael W. and {Kumar}, Vishwesh and {Almualla}, Mouza and {Anand}, Shreya and {Bulla}, Mattia and {Dietrich}, Tim and {Foucart}, Francois and {Guessoum}, Nidhal",
    title = "{Data-driven Expectations for Electromagnetic Counterpart Searches Based on LIGO/Virgo Public Alerts}",
    journal = "\apj",
    keywords = "1857, 675, 1170, 1108, 1611, Astrophysics - High Energy Astrophysical Phenomena, Astrophysics - Instrumentation and Methods for Astrophysics, General Relativity and Quantum Cosmology",
    year = "2022",
    month = "January",
    volume = "924",
    number = "2",
    eid = "54",
    pages = "54",
    doi = "10.3847/1538-4357/ac366d",
    archivePrefix = "arXiv",
    eprint = "2108.07277",
    primaryClass = "astro-ph.HE",
    adsurl = "https://ui.adsabs.harvard.edu/abs/2022ApJ...924...54P",
    adsnote = "Provided by the SAO/NASA Astrophysics Data System"
}

@ARTICLE{2022ApJ...927...50R,
    author = "{Rastinejad}, J. C. and {Paterson}, K. and {Fong}, W. and {Sand}, D. J. and {Lundquist}, M. J. and {Hosseinzadeh}, G. and {Christensen}, E. and {Daly}, P. N. and {Gibbs}, A. R. and {Hall}, S. and {Shelly}, F. and {Yang}, S.",
    title = "{A Systematic Exploration of Kilonova Candidates from Neutron Star Mergers during the Third Gravitational-wave Observing Run}",
    journal = "\apj",
    keywords = "Gravitational wave astronomy, Neutron stars, 675, 1108, Astrophysics - High Energy Astrophysical Phenomena",
    year = "2022",
    month = "March",
    volume = "927",
    number = "1",
    eid = "50",
    pages = "50",
    doi = "10.3847/1538-4357/ac4d34",
    archivePrefix = "arXiv",
    eprint = "2112.09701",
    primaryClass = "astro-ph.HE",
    adsurl = "https://ui.adsabs.harvard.edu/abs/2022ApJ...927...50R",
    adsnote = "Provided by the SAO/NASA Astrophysics Data System"
}

@ARTICLE{2022ApJS..260...18A,
    author = "{Andreoni}, Igor and {Margutti}, Raffaella and {Salafia}, Om Sharan and {Parazin}, B. and {Villar}, V. Ashley and {Coughlin}, Michael W. and {Yoachim}, Peter and {Mortensen}, Kris and {Brethauer}, Daniel and {Smartt}, S. J. and {Kasliwal}, Mansi M. and {Alexander}, Kate D. and {Anand}, Shreya and {Berger}, E. and {Bernardini}, Maria Grazia and {Bianco}, Federica B. and {Blanchard}, Peter K. and {Bloom}, Joshua S. and {Brocato}, Enzo and {Bulla}, Mattia and {Cartier}, Regis and {Cenko}, S. Bradley and {Chornock}, Ryan and {Copperwheat}, Christopher M. and {Corsi}, Alessandra and {D'Ammando}, Filippo and {D'Avanzo}, Paolo and {H{\'e}l{\`e}ne Datrier}, Laurence {\'E}lise and {Foley}, Ryan J. and {Ghirlanda}, Giancarlo and {Goobar}, Ariel and {Grindlay}, Jonathan and {Hajela}, Aprajita and {Holz}, Daniel E. and {Karambelkar}, Viraj and {Kool}, E. C. and {Lamb}, Gavin P. and {Laskar}, Tanmoy and {Levan}, Andrew and {Maguire}, Kate and {May}, Morgan and {Melandri}, Andrea and {Milisavljevic}, Dan and {Miller}, A. A. and {Nicholl}, Matt and {Nissanke}, Samaya M. and {Palmese}, Antonella and {Piranomonte}, Silvia and {Rest}, Armin and {Sagu{\'e}s-Carracedo}, Ana and {Siellez}, Karelle and {Singer}, Leo P. and {Smith}, Mathew and {Steeghs}, D. and {Tanvir}, Nial",
    title = "{Target-of-opportunity Observations of Gravitational-wave Events with Vera C. Rubin Observatory}",
    journal = "\apjs",
    keywords = "Gravitational wave sources, Neutron stars, Black holes, Astronomical methods, Transient detection, 677, 1108, 162, 1043, 1957, Astrophysics - High Energy Astrophysical Phenomena",
    year = "2022",
    month = "May",
    volume = "260",
    number = "1",
    eid = "18",
    pages = "18",
    doi = "10.3847/1538-4365/ac617c",
    archivePrefix = "arXiv",
    eprint = "2111.01945",
    primaryClass = "astro-ph.HE",
    adsurl = "https://ui.adsabs.harvard.edu/abs/2022ApJS..260...18A",
    adsnote = "Provided by the SAO/NASA Astrophysics Data System"
}

@ARTICLE{2022MNRAS.509.3427D,
    author = "{de Jaeger}, T. and {Shappee}, B. J. and {Kochanek}, C. S. and {Stanek}, K. Z. and {Beacom}, J. F. and {Holoien}, T. W. -S. and {Thompson}, Todd A. and {Franckowiak}, A. and {Holmbo}, S.",
    title = "{ASAS-SN search for optical counterparts of gravitational-wave events from the third observing run of Advanced LIGO/Virgo}",
    journal = "\mnras",
    keywords = "gravitational waves, black hole mergers, neutron star mergers, Astrophysics - High Energy Astrophysical Phenomena",
    year = "2022",
    month = "January",
    volume = "509",
    number = "3",
    pages = "3427-3440",
    doi = "10.1093/mnras/stab3141",
    archivePrefix = "arXiv",
    eprint = "2108.04839",
    primaryClass = "astro-ph.HE",
    adsurl = "https://ui.adsabs.harvard.edu/abs/2022MNRAS.509.3427D",
    adsnote = "Provided by the SAO/NASA Astrophysics Data System"
}

